2337 2979
1151 77 1177 122 7

248 193 322 233 que
345 179 524 221 desenait.
561 181 653 220 talia
676 183 717 230 in
739 181 967 234 relegatione
993 198 1071 225 non
1094 188 1199 226 nulla
1222 188 1354 229 fecisse
1378 190 1561 231 Ovidium
1585 195 1735 232 scimus.
1770 195 1966 246 trisyllaba
1990 209 2078 237 sunt

243 244 287 282 in
311 243 476 283 Ponticis
504 246 683 296 quinque,
711 247 958 300 tetrasyllaba
983 251 1024 287 in
1051 250 1239 291 fastormn
1263 252 1360 293 libro
1390 257 1521 305 quinto
1550 264 1588 295 et
1615 266 1721 297 sexto
1750 267 1790 297 et
1814 261 1855 297 in
1876 258 1979 298 Ibide
2004 264 2075 300 sin-

247 308 346 357 gula,
373 307 621 358 tetrasyllaba
648 317 687 347 et
710 299 974 363 pehtasyllaba
999 315 1115 364 paulo
1141 316 1253 367 phu-a
1278 319 1318 354 in
1345 318 1515 356 tristibus
1544 329 1582 358 et
1606 323 1645 359 in
1662 323 1839 368 Ponticis,
1865 324 2077 375 hexasylla-

244 369 338 408 bum
363 370 403 406 in
428 368 533 407 Ibide
558 383 688 410 unum.
734 376 828 430 item
851 376 1131 427 monosyllaba,
1164 382 1205 417 in
1230 382 1397 418 tristium
1420 381 1468 425 V,
1485 380 1523 425 7,
1541 382 1591 419 68
1617 394 1677 421 sat
1700 396 1772 430 est,
1807 400 1853 424 ex
1879 387 2005 425 Ponto
2033 389 2075 424 li-

242 431 314 469 bro
341 430 368 475 1,
388 430 424 476 6,
442 431 493 469 26
519 433 637 472 scelus
661 444 737 474 est:
763 449 855 475 nam
882 436 950 478 ubi
974 451 1015 477 cs
1040 442 1081 478 in
1104 441 1158 479 IV
1171 438 1364 483 'fastorum
1389 441 1468 484 456
1493 458 1564 497 per
1589 446 1858 499 neglegentiam
1884 464 2075 502 gramma-

242 497 406 534 ticorum
431 496 605 536 relictum
631 507 706 537 est:
735 490 898 538 debebat
923 504 1025 540 enim
1051 506 1161 543 scribi
1171 506 1279 557 filia,
1307 507 1424 552 dista-it,
1445 507 1575 545 ubist?

344 558 448 598 Haec
476 573 574 611 quae
600 560 778 607 diximus,
805 577 892 617 vos,
920 563 1204 611 Commilitones
1229 572 1426 615 carissimi,
1453 574 1508 609 ita
1534 575 1708 624 accipite,
1735 583 1779 611 ut
1805 578 1975 628 exemplo
2003 592 2071 616 vo-

241 621 300 658 bis
328 620 630 662 demonstratum
657 637 739 663 esse
765 628 984 666 existimetis
1012 643 1088 680 quo
1115 644 1238 682 usque
1263 634 1468 684 procedere
1494 636 1605 674 liccat
1630 639 1671 674 in
1692 638 1804 676 huius
1822 640 1925 677 modi
1943 641 2070 692 dispu-

242 686 397 723 tatione.
443 699 533 725 nam
560 701 626 726 sex
651 702 811 734 numero
839 693 1020 742 epistulas
1048 697 1158 733 certis
1186 695 1513 737 observationibus
1540 700 1652 750 plane
1680 701 1969 748 confutavimus,
1987 706 2072 743 VIII

239 747 293 785 IX
310 747 401 786 XIV
416 749 507 787 XVI
522 750 630 788 XVII
645 751 754 790 XIX:
782 752 830 792 de
859 757 1003 801 ceteris,
1028 756 1080 795 111
1094 758 1167 796 XII
1182 759 1270 797 xm
1286 760 1411 800 XVIII
1426 762 1502 801 XX
1529 772 1566 802 et
1590 764 1789 804 duodecim
1807 768 1979 806 versibus
2006 772 2070 819 qui

237 820 382 850 restant
408 826 454 851 ex
479 814 630 858 ultima,
658 819 833 865 quamvis
857 822 1025 857 maxima
1051 824 1100 858 sit
1125 823 1323 864 dubitandi
1351 839 1479 873 causa,
1508 831 1668 870 certiora
1694 838 1821 871 tamen
1847 842 2070 884 argumenta

239 876 456 926 quaerenda
482 885 581 922 sunt,
609 880 641 915 si
667 880 760 917 scire
788 882 971 932 cupimus,
998 896 1077 922 non
1104 888 1259 936 opinari.

414 954 446 977 ι».
464 953 495 977 r.
520 953 555 980 n.
572 953 671 981 m
690 956 727 980 ιι.
745 956 845 982 run.
872 959 905 983 A.
923 960 1166 990 unccmvm.
