2337 2979
1157 83 1184 123 4

350 190 428 231 Sed
455 190 505 230 ad
532 189 714 230 Ovidium
743 179 984 229 redeundum
1013 197 1087 235 est,
1115 191 1180 240 qui
1208 188 1300 240 quid
1325 173 1407 242 ipse
1435 190 1483 230 de
1510 192 1680 244 epistulis
1707 195 1784 233 suis
1811 191 1948 233 dixerit
1972 205 2085 233 nemo

245 256 408 306 ignorat.
452 257 492 292 in
519 266 705 296 amorum,
720 253 818 292 libro
845 253 889 299 II,
905 253 954 290 18
989 266 1087 304 quae
1117 255 1328 292 carminum
1355 266 1493 305 genera
1518 267 1620 294 nunc
1647 269 1735 296 cum
1759 253 1925 297 maxime
1948 263 2088 296 nactet
2146 254 2151 258 ’

247 321 412 370 exponit.
455 325 522 355 aut
547 324 666 364 artes,
697 318 839 369 inquit,
873 318 997 356 tenen·
1022 315 1248 369 pmfitemur
1270 318 1434 363 Amoris,
1473 318 1550 357 Aut
1582 318 1690 372 quod
1718 319 1923 374 Penelopes
1957 318 2087 360 verbis

246 380 429 419 reddatur
455 379 570 417 Vlixi
595 380 818 425 Scribimus,
849 389 916 418 aut
942 380 1134 424 lacrimas,
1164 379 1296 430 Phylli
1320 380 1467 426 relicta,
1494 389 1593 429 titas,
1623 381 1735 433 Quod
1756 386 1868 421 Paris
1892 384 1931 421 et
1958 385 2091 433 Maca-

245 457 328 479 reus
357 448 395 478 et
420 442 526 494 quod
552 442 652 478 male
675 451 809 494 gratus
836 445 956 479 Iason
982 442 1258 495 Hippofflique
1280 456 1432 496 >pamas
1459 443 1762 497 Hippolytusque
1790 444 1932 497 legant,
1966 444 2090 496 Quod·

245 520 317 559 que
349 515 481 543 tenens
513 508 682 543 stn'ctum
708 505 810 543 Dido
842 505 1069 542 macer-abilis
1096 503 1226 543 ensem
1252 509 1369 544 Dicat
1399 516 1438 545 et
1465 507 1623 547 Aeolia
1648 507 1779 545 Lesbis
1810 510 1937 551 amica
1964 507 2087 557 lyme.

245 571 316 608 hae
345 578 434 608 sunt
461 569 645 619 epistulae
672 568 758 606 libri
784 571 905 606 nostri
938 571 1080 619 prima,
1114 570 1298 614 secunda,
1333 572 1506 621 quinta,
1517 570 1734 615 undecima,
1767 578 1890 615 sexta,
1926 570 2089 616 decima,

248 640 394 682 quarta,
422 635 594 684 septima.
630 645 722 671 nam
748 632 926 684 Sapphus
954 634 1158 684 epistulam
1183 646 1282 684 quae
1308 641 1414 673 extat
1439 634 1492 673 ad
1515 635 1618 675 bunc
1639 634 1792 677 librum
1800 646 1887 677 non.
1899 636 2091 686 pertinere

246 698 324 735 iam
351 696 533 736 diximus:
552 710 686 749 neque
708 710 794 736 eam
812 698 956 742 Nasoni
977 697 1166 736 adscribet
1188 700 1252 748 qui
1272 698 1471 736 Lucanum
1490 699 1639 748 legerit,
1666 712 1722 739 cx
1731 701 1851 741 euius
1861 698 1963 739 libro
1979 707 2090 740 sexto

245 755 490 809 istafian’alals
509 759 693 804 Erichtho
717 764 759 799 in
778 761 884 799 illam
905 761 1069 799 deducta
1090 768 1148 799 est
1170 760 1286 811 (139).
1322 760 1390 800 sed
1410 761 1588 812 Sapphus
1614 760 1778 812 epistula
1799 771 1970 811 quonam
1992 758 2090 803 teni·

245 837 340 883 pore
365 826 505 876 scripta
532 837 615 864 esse
643 824 912 865 existimanda·
922 826 980 870 sit,
1010 826 1184 880 quaestio
1212 815 1373 863 difficilis
1401 832 1468 869 est,
1488 837 1613 876 quam·
1632 824 1942 868 Schneidewinus
1967 833 2092 877 nuper

244 881 486 927 laudabiliter
513 892 656 940 agitare
685 893 820 941 coepit,
849 890 915 927 sed
942 902 1020 927 non
1052 889 1226 927 absolvit.
1269 889 1317 927 dc
1340 889 1507 939 reliquis·
1526 897 1635 935 octo,
1652 902 1747 940 quas
1772 891 2090 936 enumeravimus,

246 954 417 1004 epistulis
451 953 546 990 nulli
580 953 742 991 dubium
772 966 855 991 esse
882 961 1012 1004 potest
1037 955 1130 1003 quin
1157 952 1314 991 eaedem
1338 952 1450 991 nobis
1478 966 1580 1003 quaa
1598 956 1933 1007 poeta‘seripsexit
1958 966 2090 1005 super-

246 1019 332 1055 sint.
366 1018 424 1054 bis
453 1026 583 1054 autem
609 1018 739 1067 plures
768 1031 808 1054 se
837 1029 882 1055 eo
912 1026 1086 1068 tempore
1112 1017 1288 1053 meditari
1314 1030 1394 1054 non
1420 1017 1515 1054 dixit
1524 1031 1538 1059 :2
1554 1030 1691 1068 ,neque
1715 1018 1906 1057 credibile:
1919 1026 1979 1056 est
2002 1013 2093 1058 euin

247 1081 293 1118 de
316 1082 472 1119 Medeae
496 1083 560 1120 vel
588 1082 635 1118 de
658 1082 833 1119 Helenae(
855 1083 1026 1133 epistula,
1055 1095 1153 1130 quae
1178 1080 1293 1120 hodie
1320 1090 1410 1117 sunt
1428 1066 1515 1120 Ioco
1538 1082 1766 1132 duodecimo
1787 1091 1826 1122 et
1845 1085 2007 1134 septimo
2025 1082 2091 1121 de-

247 1149 363 1189 cimo,
396 1149 475 1183 iam
508 1156 593 1183 tum
628 1149 828 1195 cogitasse,
865 1160 952 1182 cum
986 1145 1167 1186 scriberet
1194 1147 1284 1181 satis
1314 1145 1491 1194 ambigue
1522 1146 1635 1195 Quod
1656 1149 1769 1183 Paris
1796 1146 1962 1196 legasset
1987 1145 2094 1197 quod

246 1207 347 1247 male
367 1218 500 1260 gratus
522 1212 657 1247 Iason.
696 1216 823 1247 totum
850 1221 942 1247 vero
970 1207 1113 1247 IIbrum
1141 1215 1208 1246 aut
1232 1214 1317 1245 tum
1343 1215 1410 1246 aut
1436 1215 1536 1248 certe
1559 1207 1676 1259 paulo
1696 1216 1786 1259 post
1807 1207 1952 1252 editum
1974 1208 2093 1250 fuisse

248 1281 414 1321 constat:
450 1285 541 1311 nam
572 1275 612 1310 in
645 1279 729 1310 arte
763 1274 968 1316 amatoria,
1004 1273 1045 1309 in
1079 1284 1155 1322 qua
1185 1273 1268 1322 ipsa
1303 1284 1344 1309 se
1375 1272 1459 1309 iam.
1479 1279 1564 1311 tum
1590 1274 1734 1317 versari
1760 1272 1904 1318 scribit,
1938 1272 2092 1313 iubetur

247 1337 375 1389 puella
409 1338 573 1375 amatori
604 1335 783 1373 heroidas
807 1336 1042 1373 Nasonianas
1075 1348 1227 1379 canere,
1260 1334 1340 1385 (ΠΙ,
1359 1332 1450 1384 345)
1488 1334 1567 1371 Vel
1589 1335 1662 1379 tibi
1688 1338 1901 1389 composita·
1920 1345 2094 1376 cantent·

247 1399 411 1452 epistula
436 1413 552 1436 voce.-
585 1403 766 1452 Ignotum
796 1400 867 1435 hoc
892 1399 978 1435 aliis
1005 1399 1068 1435 ille
1095 1401 1247 1435 novavit
1273 1412 1382 1449 opus.
1427 1411 1552 1448 neque
1576 1401 1658 1436 veri
1689 1400 1810 1442 simile
1832 1408 1905 1440 est
1927 1412 2034 1440 eum
2042 1401 2094 1438 ad

247 1466 321 1502 hoc
349 1479 466 1514 genus
493 1479 679 1514 umquam
704 1464 856 1508 redisse,
886 1466 950 1513 qui
976 1464 1093 1513 paulo
1119 1472 1208 1515 post
1226 1478 1337 1501 nono
1360 1461 1722 1514 metamorphoseon
1738 1464 1836 1504 libro
1854 1462 1993 1515 (529-
1998 1462 2091 1514 569)

248 1527 431 1580 Byblidos
466 1528 668 1579 epistulam
700 1526 872 1567 versibus
906 1527 1067 1566 heroicis
1104 1528 1285 1578 scriptam
1317 1528 1535 1572 inseruerit,
1569 1540 1693 1578 neque
1724 1528 1764 1567 in
1791 1527 2019 1568 carminibus
2049 1530 2092 1568 in

247 1592 372 1632 Ponto
401 1592 549 1643 scriptis
576 1598 643 1630 aut
670 1590 879 1630 emendatis
904 1590 1024 1630 ullam
1050 1602 1215 1641 usquam
1240 1590 1394 1630 illorum
1415 1593 1639 1644 poematum
1659 1592 1892 1635 mentionem
1912 1593 2091 1635 iniecciit.

249 1670 339 1709 ergo
366 1658 612 1709 perspicuum
639 1663 699 1694 est
721 1656 805 1693 illas
833 1655 1034 1694 duodecim
1063 1668 1169 1706 quae.
1187 1663 1339 1699 restant,
1359 1656 1538 1709 epistulas
1562 1656 1724 1708 (mvm
1740 1656 1796 1696 IX
1811 1656 1882 1698 XII
1897 1657 1984 1698 XIII
2000 1657 2092 1697 XIV

249 1722 340 1759 XVI
357 1721 465 1758 XVII
482 1720 606 1758 XVIII
622 1720 715 1756 XIX
731 1721 807 1756 XX
824 1720 939 1769 XXI),
969 1722 1000 1757 si
1024 1732 1154 1757 omnes
1183 1722 1383 1771 scripserit,
1408 1729 1446 1758 et
1469 1723 1660 1772 scripsisse
1683 1728 1722 1760 et
1743 1722 1916 1761 elimasse
1935 1721 2092 1773 poetam
2123 1758 2130 1763 .

247 1786 360 1824 limae
394 1797 543 1823 summe
577 1786 771 1822 curiosum
803 1785 1028 1823 brevissimo
1061 1785 1126 1822 illo
1159 1786 1343 1836 temporis
1377 1786 1501 1835 spatio
1536 1785 1641 1834 quod
1666 1785 1784 1823 fuerit
1805 1787 1905 1825 inter
1933 1781 2103 1826 alteram

249 1862 425 1888 amorum
452 1850 657 1887 editionem
684 1857 723 1886 et
749 1849 871 1886 editos
903 1861 1003 1886 anno
1038 1848 1086 1885 ab
1112 1849 1208 1886 urbe
1235 1849 1390 1886 condita
1412 1849 1663 1887 Varroniano
1679 1860 1796 1889 neem
1826 1852 1917 1887 artis
1943 1857 2090 1888 amato-

249 1916 335 1953 riae
351 1914 470 1951 libros
497 1915 746 1951 interiectum.

353 1976 487 2026 Itaque
512 1978 553 2014 in
577 1976 636 2015 his
664 1974 863 2013 duodecim
890 1975 1119 2014 carminibus
1143 1974 1239 2013 liber
1262 1974 1542 2026 disputantibus
1564 1943 1734 2026 aperitur
1755 1987 1923 2027 empne,
1951 1978 2092 2029 quippe

252 2054 350 2092 quae
379 2040 507 2080 Ovidii
542 2053 625 2078 esse
656 2040 749 2078 nihil
782 2047 942 2078 testetur
976 2041 1049 2077 nisi
1081 2040 1354 2090 exemplarium
1380 2047 1555 2079 veterum
1588 2041 1793 2079 auctoritas
1825 2047 1866 2080 et
1895 2053 2007 2081 omne
2034 2041 2089 2081 di-

251 2106 358 2145 cendi
387 2119 504 2156 genus
532 2105 582 2142 ad
609 2118 799 2142 summam
827 2106 906 2142 eius
933 2104 1216 2141 similitudinem
1240 2106 1504 2155 compositum.
1540 2117 1583 2142 ac
1605 2104 1779 2155 profecto
1800 2105 2012 2144 verendum
2033 2114 2092 2145 est

250 2184 297 2211 ne
324 2171 467 2210 horum
494 2171 704 2208 carminum
730 2170 854 2207 maior
880 2181 968 2219 pars
997 2168 1081 2219 (ΧΠ
1097 2168 1188 2206 XIV
1198 2168 1450 2218 XVI—XXI)
1477 2169 1667 2219 plerisque
1691 2169 1805 2210 huius
1827 2171 2090 2221 poetae-inge-

250 2237 356 2272 nium
381 2235 496 2285 plane
522 2233 664 2270 referre
690 2232 884 2277 videatur3
915 2234 1052 2282 quibus
1067 2235 1111 2291 'si
1139 2232 1307 2270 dicemus
1332 2235 1373 2270 in
1397 2233 1456 2271 his
1483 2246 1563 2270 non
1587 2234 1693 2270 illam
1719 2247 1851 2271 sanam
1878 2236 2028 2285 copiam
2052 2243 2092 2272 et

250 2299 465 2336 ubertatem
492 2311 592 2341 esse,
627 2311 744 2346 quam
769 2297 928 2334 Nasonis
966 2299 1162 2346 propriam
1194 2310 1277 2334 esse
1309 2305 1474 2340 constat,
1501 2297 1806 2335 *sedmolestam
1832 2297 2026 2347 quandam
2052 2308 2091 2337 et

251 2361 523 2402 exuberantem
549 2363 732 2400 orationis
759 2360 1043 2404 abundantiam,
1071 2368 1211 2410 quotus
1237 2361 1399 2410 quisque
1424 2367 1505 2397 tam
1530 2361 1773 2399 aut—exculto
1801 2368 1869 2399 aut
1887 2360 2009 2401 libero
2029 2364 2088 2401 iu·

251 2426 362 2467 dicio·
377 2426 449 2465 erit
472 2432 516 2462 ut
540 2424 580 2463 id
606 2427 744 2466 sentire
772 2433 888 2477 atque
917 2437 1142 2476 cognoscere
1169 2423 1315 2476 possit?
1352 2425 1444 2475 quin
1470 2425 1586 2463 etiam
1608 2423 1710 2463 ultro
1735 2423 1997 2466 confitebimur
2018 2439 2088 2467 no-

248 2491 306 2529 bis
337 2502 492 2540 quoque
520 2489 733 2539 aliquando,
760 2503 848 2527 cum
876 2491 1003 2526 animo
1034 2503 1056 2526 a
1084 2490 1182 2525 curis
1209 2502 1288 2526 non
1316 2491 1406 2526 satis
1431 2489 1638 2539 tranquillo
1664 2497 1704 2526 et
1725 2490 1940 2528 valetudine
1961 2493 2089 2530 minus

250 2555 361 2594 firma
387 2566 572 2597 essemus,
605 2567 688 2591 rem
718 2554 807 2591 olim
838 2562 1079 2606 perspectam
1109 2562 1193 2590 tum
1228 2567 1307 2591 non
1336 2553 1431 2591 adeo
1460 2561 1680 2605 promptam
1708 2561 1823 2604 atque
1851 2555 2090 2607 exploratam

251 2619 376 2657 fuisse.
420 2618 468 2655 de
502 2626 685 2667 quattuor
716 2618 871 2667 reliquis
906 2619 1075 2670 epistulis
1111 2618 1173 2669 (III
1191 2618 1276 2655 VIII
1298 2618 1353 2655 IX
1376 2618 1476 2667 XIII)
1506 2618 1659 2670 publico
1684 2618 1821 2657 indicio
1849 2621 1969 2656 tutius
1998 2632 2087 2657 con·

250 2682 366 2721 fidere
392 2680 616 2735 possumus}
649 2696 746 2734 quae
775 2684 839 2720 vix
868 2682 938 2720 dici
963 2692 1092 2735 potest
1121 2697 1237 2734 quam
1258 2697 1477 2736 pauperem
1503 2684 1607 2723 exilis
1632 2686 1770 2735 ingenii
1796 2696 1935 2723 venam
1962 2691 2086 2723 osten-
