2337 2979
684 251 1190 346 VNIVERSITATIS
1234 293 1674 345 LITTERARIAE

853 376 1178 419 FRIDERICAE'
1194 380 1497 419 GVILELMAE

765 450 1064 512 RECTOR
1107 476 1177 511 ΕΤ
1220 452 1578 512 SENATVS.

261 587 479 670 Epistulas
506 617 707 657 heroidum
732 617 949 657 nominibus
975 620 1173 673 inscriptas
1201 625 1297 670 quot
1322 631 1482 657 numero
1509 617 1550 656 P.
1575 616 1736 657 Ovidius
1763 616 1863 657 Naso
1892 622 2005 670 poblta
2029 633 2089 659 re-

260 684 432 733 liquisset
467 682 690 721 dubitarunt
723 683 853 721 multi:
895 686 960 735 qui
994 697 1077 723 rem
1113 685 1259 722 curiose
1294 691 1409 734 atque
1445 696 1492 721 ex
1527 691 1607 721 arte
1644 683 1826 721 conclusis
1863 686 2090 734 argumentis

261 749 481 786 tractaverit
511 747 659 785 nullum
687 745 947 798 cognovimus.
998 750 1129 798 itaque
1159 748 1283 799 placet
1316 748 1424 786 nobis
1459 750 1718 799 quaestionem
1752 756 1789 786 et
1822 748 2027 786 iucundam
2054 756 2093 787 et

262 811 395 850 utilem
421 810 471 848 de
493 808 641 860 integro
667 812 875 854 instituere,
903 810 969 848 sed
993 810 1228 849 brevissime:
1255 825 1345 849 nam
1370 815 1410 849 in
1435 813 1509 850 hoc
1535 826 1670 863 genere
1696 815 1766 850 nisi
1794 826 1891 863 quae
1920 822 2021 851 certa
2048 825 2092 849 ac

262 874 420 928 simplici
445 874 592 913 ratione
619 875 882 913 contineantur
906 873 999 912 nihil
1025 871 1202 915 efficiunt.

364 939 420 977 Ac
444 936 613 990 primum
640 938 794 989 quidem
818 940 858 976 in
885 938 1160 990 exemplaribus
1186 941 1347 977 vetustis
1374 940 1555 990 epistulae
1580 939 1683 978 unde
1708 942 1840 991 viginti
1867 949 1956 978 sunt
1978 949 2016 978 et
2037 944 2092 979 vi-

261 1005 425 1056 gesimae
450 1015 583 1041 versus
612 1003 829 1042 duodecim:
855 1016 979 1053 neque
1000 1003 1123 1044 *ullam
1150 1005 1431 1042 excusationem
1452 1004 1568 1042 habet
1587 1006 1717 1055 inepta
1739 1004 1929 1043 editorum
1951 1006 2013 1043 vel
2034 1019 2093 1043 re-

262 1069 564 1107 centissimorum
591 1069 820 1119 superstitio,
846 1068 911 1118 qui
937 1067 1137 1117 epistulam
1160 1066 1336 1118 Sapphus
1365 1075 1403 1105 et
1430 1080 1494 1106 eos
1521 1080 1654 1106 versus
1682 1070 1747 1119 qui
1774 1067 1875 1119 apud
1896 1069 2095 1107 Heinsium

260 1132 318 1168 his
344 1133 512 1167 numeris
538 1133 659 1168 notati
686 1139 790 1175 sunt,
816 1130 916 1174 XVI,
931 1129 1111 1167 39—142
1128 1131 1229 1174 XXI,
1246 1131 1436 1174 13-248‚
1464 1132 1658 1169 noluerint
1684 1140 1751 1169 aut
1780 1135 1897 1170 eicere
1928 1140 1994 1169 aut
2024 1135 2093 1170 cir-

262 1193 521 1235 eumscribere.

366 1257 610 1298 Grammatici
635 1267 800 1305 veteres,
833 1267 1019 1309 quantum
1050 1271 1151 1297 nunc
1181 1261 1438 1303 meminimus,
1473 1259 1632 1309 epistula
1658 1262 1781 1309 prima
1809 1269 1847 1297 et
1874 1263 2006 1308 quinta
2034 1265 2093 1298 usi

262 1330 361 1369 sunt,
389 1330 428 1362 et
453 1321 614 1362 fortasse
642 1330 789 1375 quarta,
813 1322 887 1363 hoc
911 1331 969 1363 est
995 1324 1047 1363 eis
1075 1321 1303 1362 carminibus
1331 1322 1377 1362 de
1407 1337 1572 1373 quorum
1594 1324 1817 1362 auctoritate
1839 1324 1944 1362 nulla
1965 1333 2095 1374 potest

262 1400 345 1426 esse
371 1386 567 1438 dubitatiO.
608 1387 657 1426 M.
677 1386 877 1426 Claudium
903 1386 1149 1427 Sacerdotem
1175 1386 1403 1438 quibusdam
1431 1387 1480 1425 ad
1506 1386 1682 1439 Sapphus
1710 1387 1910 1439 epistulam
1938 1390 2096 1439 eiusque

262 1465 415 1490 versum
440 1452 540 1489 hunc
567 1451 656 1502 (18),
685 1455 771 1488 Non
791 1452 907 1489 oculis
931 1465 1047 1488 cnara
1070 1460 1127 1488 est
1146 1451 1285 1496 Atthis,
1312 1461 1354 1489 ut
1372 1460 1476 1495 ante,
1504 1454 1610 1495 meis,
1636 1454 1844 1503 respexisse
1868 1453 1993 1489 visum
2016 1465 2097 1490 esse

263 1516 438 1554 credibile
464 1530 544 1553 non
570 1515 683 1553 ducet
709 1518 774 1565 qui
795 1518 1028 1566 grammatici
1050 1516 1169 1553 verba
1188 1517 1330 1566 legerit,
1359 1529 1456 1565 quae
1480 1524 1569 1552 sunt
1589 1516 1700 1552 huius
1722 1517 1837 1560 modi,
1865 1515 1973 1568 p.59.
2003 1516 2096 1553 This

261 1582 396 1619 tertiae
421 1578 684 1618 declinationis
709 1578 784 1617 this
808 1578 876 1617 vel
899 1578 958 1617 dis
976 1580 1082 1627 facit
1106 1581 1292 1630 genetivo.
1336 1593 1395 1616 mc
1422 1579 1561 1622 Atthis,
1596 1578 1703 1616 huius
1730 1580 1854 1616 Atthis
1882 1581 1949 1617 vel
1973 1581 2096 1618 Atthi-

261 1643 335 1683 dis.
373 1645 426 1683 sic
454 1641 621 1683 Ovidius.
661 1643 799 1683 scilicet
825 1642 1027 1689 Sacerdos,
1063 1657 1150 1681 cum
1181 1642 1296 1695 paulo
1326 1651 1413 1682 ante
1440 1656 1476 1694 p.
1491 1640 1542 1681 57
1570 1643 1662 1681 haec
1690 1645 1894 1694 posuisset,
1934 1646 1997 1682 Tis
2023 1654 2097 1682 ter-

262 1699 410 1746 minata
439 1710 597 1745 nomina
624 1710 760 1745 tertiae
784 1716 872 1744 sunt
898 1707 1176 1745 declinationis.
1214 1709 1261 1744 tis
1276 1708 1434 1756 faciunt
1456 1709 1627 1760 genetivo
1656 1710 1797 1745 Latina
1813 1731 1854 1736 —
1875 1711 2021 1746 Graeca
2048 1711 2097 1746 tis

262 1773 331 1809 vel
349 1772 423 1808 dis.
460 1772 521 1807 hic
546 1774 657 1814 Attis,
684 1771 823 1808 Attidis
846 1771 915 1807 vel
934 1773 1045 1814 Attis,
1076 1784 1168 1808 mox
1189 1772 1451 1808 animadverso
1474 1772 1575 1808 idem
1597 1780 1737 1808 nomen
1757 1774 1797 1808 in
1820 1771 1945 1808 Ovidii
1969 1784 2093 1809 exem-

262 1837 431 1888 plaribus
457 1849 527 1887 per
551 1838 820 1886 aspirationem
841 1836 961 1879 scribi,
988 1836 1060 1873 hoc
1088 1849 1240 1885 quoque
1266 1836 1516 1885 regerendum
1542 1838 1700 1884 putavit.
1737 1835 1830 1871 dixit
1853 1844 1981 1872 autem
2000 1836 2093 1872 Ovi-

263 1900 347 1937 dius
375 1900 599 1950 aliquotiens
626 1900 724 1935 Attis
753 1907 856 1936 recto
887 1913 993 1942 casu,
1025 1899 1141 1935 semel
1169 1908 1304 1948 quarto
1331 1900 1439 1935 Attin
1466 1899 1653 1935 fastorum
1677 1897 1832 1942 V,227;
1865 1897 2001 1935 Attidis
2030 1912 2094 1949 ge-

262 1966 390 2002 netivo
425 1966 523 2002 inter
549 1971 696 2002 veteres
729 1977 828 2001 unus
853 1963 977 2001 Varro
1005 1965 1044 1999 in
1069 1963 1306 2007 Eumenisin‚
1333 1963 1390 1999 his
1418 1962 1553 2000 verbis.
1603 1964 1694 1998 Cum
1725 1961 1789 1998 illo
1817 1965 1946 2004 venio,
1976 1962 2092 2000 video

259 2024 448 2079 gallorum
472 2025 736 2077 frequentiam
761 2028 803 2064 in
833 2026 986 2079 templo,
1024 2028 1092 2078 qui
1114 2024 1205 2064 dum
1231 2041 1388 2065 messem
1421 2025 1583 2064 hornam
1615 2024 1785 2063 adlatam
1817 2027 2003 2076 inponunt
2027 2029 2095 2064 At-

263 2089 351 2129 tidis
377 2091 498 2141 signo,
530 2087 734 2138 synodiam
764 2088 954 2140 gallantes
986 2091 1100 2127 vario
1135 2088 1355 2127 recinebant
1386 2087 1524 2127 studio.
1574 2090 1624 2126 sic
1659 2090 1756 2126 enim
1789 2088 1882 2127 haec
1915 2089 2094 2129 videntur

265 2154 461 2194 scribenda
488 2165 586 2191 esse:
620 2153 849 2204 exemplaria
873 2153 984 2189 Nonii
1010 2153 1133 2203 p.119
1159 2153 1301 2190 habent
1339 2156 1430 2190 Cum
1457 2152 1521 2189 illo
1549 2160 1666 2189 vento
1689 2175 1729 2180 —
1751 2154 1819 2205 qui
1842 2152 1932 2191 dum
1959 2168 2095 2193 essena

263 2220 359 2258 hora
392 2232 483 2256 nam
514 2216 686 2254 adlatam
716 2218 912 2268 inponeret
941 2215 1075 2253 aedilis
1107 2217 1293 2267 signosiae
1325 2225 1363 2253 et
1393 2215 1505 2253 deam
1528 2237 1573 2244 —
1601 2216 1815 2254 retinebant
1845 2217 1985 2256 studio.
2036 2220 2095 2257 his

265 2284 422 2323 subiecti
453 2290 561 2320 erant
590 2283 776 2319 notissimi
801 2293 950 2324 versus,
984 2279 1120 2329 quibus
1146 2280 1244 2317 Attis
1278 2293 1325 2317 ex
1351 2294 1417 2317 ara
1444 2280 1714 2317 excantabatur
1740 2281 1848 2331 (Non.
1866 2282 2003 2333 p.102‚
2020 2282 2095 2333 11),

267 2348 357 2385 Tibi
386 2357 534 2399 typana
567 2360 644 2383 non
677 2346 786 2381 inani
818 2346 955 2387 sonitu,
992 2345 1124 2381 matri'
1153 2343 1265 2380 deum
1294 2347 1470 2381 Tonimus
1506 2344 1634 2381 modos
1667 2344 1750 2388 tihi,
1790 2359 1859 2383 nos
1892 2346 1966 2383 tibi
1996 2360 2095 2384 nunc

264 2404 431 2449 semiviri
456 2415 625 2448 Teretem
651 2423 798 2447 comam
826 2408 1022 2446 volantem
1053 2410 1234 2445 iactamu’
1257 2408 1403 2458 galluli.
1452 2410 1559 2458 (Non.
1581 2422 1617 2458 p.
1628 2408 1689 2451 49,
1704 2409 1755 2445 20
1774 2410 1825 2445 22
1852 2410 1939 2454 328,
1955 2411 2028 2460 12.)
2056 2414 2094 2446 in

267 2474 403 2526 quibus
436 2474 680 2513 emendandis
709 2488 732 2511 a
757 2474 838 2523 lege
866 2473 1077 2510 Catulliana
1102 2473 1354 2511 recedendum
1380 2486 1456 2509 non
1484 2486 1562 2509 esse
1590 2475 1827 2522 putavimus,
1863 2488 1978 2524 quam
2005 2487 2091 2511 ean-

268 2539 355 2577 dem
378 2537 504 2577 Varro
533 2546 571 2575 et
595 2540 636 2575 in
662 2538 742 2575 aliis
771 2525 987 2575 observarit
1013 2545 1050 2574 et
1075 2537 1139 2574 illo
1168 2551 1296 2581 versu,
1324 2550 1398 2586 quo
1426 2536 1531 2573 Attin
1559 2536 1712 2574 videtur
1740 2541 1781 2575 V
1778 2539 2008 2588 enenfugam
2036 2537 2090 2573 di-

266 2596 374 2646 iisse,
401 2599 570 2653 Spatula‘
588 2602 744 2639 eviravit
769 2615 899 2637 omnes
922 2614 1058 2652 pueros
1079 2603 1120 2636 V
1117 2602 1326 2651 enenfuga.
1366 2600 1469 2652 apud
1495 2601 1661 2639 Nonium
1688 2614 1724 2652 p.
1741 2601 1801 2645 46,
1822 2601 1870 2637 12
1894 2600 1977 2636 libri
2002 2612 2092 2651 spa-

266 2665 341 2704 tale
365 2666 522 2705 eviravit
545 2678 675 2703 omnes
696 2666 929 2717 venet-ivaga
950 2677 1101 2717 pueros-

1724 2727 1764 2768 A
