2337 2979
1165 44 1193 84 6

257 157 305 191 tis
332 153 360 197 Ι,
380 152 457 192 370
486 154 643 204 languet
664 154 871 195 sententia,
905 153 978 189 nisi
1004 149 1202 190 scribimus
1232 149 1306 193 At,'
1324 159 1434 201 puto,
1465 164 1546 190 non
1565 157 1729 205 'potem
1754 153 2105 206 ipsanfimsmzr

254 230 354 256 cem:
382 217 469 256 libri
500 220 549 256 Ut
573 224 678 269 puto,
708 222 747 254 et
775 215 947 267 plerique
970 214 1125 267 poteris,
1152 212 1219 253 sed
1240 221 1397 265 poteras
1426 214 1508 266 ipse
1536 218 1663 268 regius
1691 228 1806 268 quem
1824 216 1999 257 Heinsius
2022 227 2096 268 pu-

255 282 366 319 tabat
398 294 479 319 esse
511 280 651 317 saeculi
680 279 827 318 decimi.
875 292 922 318 ex
945 279 1069 316 Ponto
1096 278 1194 316 libro
1218 274 1437 322 111‚1‚154
1462 277 1578 345 idem
1589 279 1768 318 Heinsius
1799 281 2016 319 auctoribus
2039 282 2097 317 in·

257 347 368 382 certis
398 344 542 395 poteris
571 356 637 381 ore
667 352 870 381 tremente·
905 342 1020 394 vulgo
1052 349 1155 395 recte
1188 343 1373 393 scriptum
1398 353 1510 379 voce.
1533 341 1601 378 in
1627 350 1791 381 metam..
1805 344 1891 388 XV,
1908 342 1997 388 217,
2032 342 2099 380 ubi

257 416 403 446 veteres
430 407 565 447 matris
592 405 847 446 habitavimus
873 404 969 449 alvo,
996 406 1069 443 viri
1097 404 1200 444 docti
1227 405 1319 444 olim
1347 404 1475 445 fecere
1496 403 1741 444 lantwinum.
1784 406 1916 445 sedin
1939 406 2102 459 epistula

255 472 456 509 Dei'anirae
485 470 551 513 IX,
568 469 639 506 141
674 471 837 507 Semivir
859 467 1032 506 occubuit
1059 470 1101 506 in
1127 468 1189 506 let
1179 468 1274 517 jem
1302 470 1435 507 Eueno
1461 469 1529 519 (sie
1555 470 1659 507 enim
1680 470 1887 508 rectissime
1912 469 2101 515 Heinsius,

256 547 343 572 cum
371 537 412 571 in
437 534 632 571 Puteaneo
662 531 790 569 codice
815 539 915 570 esset
938 532 1122 581 eueneno)
1148 545 1273 582 neque
1302 532 1580 570 dubitationem
1605 531 1772 570 admittit
1792 545 1918 583 neque
1938 533 2101 583 Nasonis

257 600 330 636 arti
357 603 658 634 consentaneum
687 603 754 634 est.
793 596 869 633 Nec
894 608 987 633 vero
1015 597 1142 633 minus
1169 595 1217 632 ab
1246 595 1390 634 eadem-
1405 595 1531 634 hiatus
1554 595 1767 635 'abhorrent
1794 596 1924 648 quales
1952 603 2041 635 sunt
2060 598 2103 634 in

258 662 393 700 eadem
420 662 485 703 IX,
506 660 579 697 131
602 660 678 698 133
705 662 886 697 Forsitan
910 669 950 696 et
973 659 1087 709 pulsa
1115 659 1289 696 Aetolide
1310 661 1513 701 Deianira,
1540 659 1750 707 Eurytidos
1772 660 1877 697 Ioles
1904 666 2020 712 atque
2044 661 2103 697 in·-

257 727 345 763 sani
367 723 540 762 Alcidae.
580 736 671 761 nam
697 725 738 760 in
765 723 885 760 altero
912 735 1047 772 genere
1074 721 1187 760 debet
1205 728 1281 760 :aut
1307 719 1478 760 eiusdem
1500 720 1643 759 vocalis
1667 722 1845 772 repetitio
1872 733 1968 765 esse,
1990 727 2037 759 u't
2061 723 2102 759 in

257 796 410 826 metam.
428 786 530 831 XIV,
549 785 626 825 832
654 788 688 824 Ο
714 794 753 823 et
781 784 828 823 de
857 786 983 829 Latio,
1014 798 1037 822 o
1066 793 1103 822 et
1130 783 1178 822 de
1202 792 1314 836 gente
1339 783 1502 827 Sabina,
1531 791 1601 822 aut
1629 784 1787 823 eaedem
1812 784 1899 823 illae
1925 786 2101 823 coniunc-

257 856 379 890 tiones
414 865 508 902 quas
545 864 661 901 supra
692 852 732 886 in
762 849 1015 899 productione
1048 848 1228 891 diximus,
1263 856 1307 885 ut
1340 856 1492 887 metam.
1509 848 1556 892 V,
1575 848 1649 887 321
1679 851 1801 887 Fonte
1825 847 2033 887 Medusaeo
2051 855 2103 887 ⁴et:

257 920 441 968 Hyantea
464 915 678 967 Aganippe,
706 914 746 950 in
763 912 860 957 VIII,
879 911 956 950 310
987 913 1152 965 Cumque
1177 909 1401 951 Pheretiade
1428 920 1466 950 et
1489 915 1669 963 Hyanteo
1694 911 1827 951 Iolao:
1852 913 1972 952 altero
1995 913 2104 952 hiatu

259 980 455 1031 quomodo
488 980 548 1016 hic
582 982 701 1028 poeta
731 990 826 1015 usus
862 979 910 1013 sit
939 990 985 1013 ex
1013 977 1148 1013 iisdem
1175 975 1348 1014 versibus
1376 985 1555 1026 apparet3
1592 979 1659 1026 qui
1685 990 1730 1014 eo
1759 977 1941 1015 differunt
1969 977 2017 1014 ab
2044 980 2103 1015 in-

259 1058 354 1082 sano
383 1042 559 1088 Alcidae,
594 1041 700 1093 quod
732 1055 811 1080 non
847 1041 943 1080 duos
974 1040 1161 1092 spondeos
1195 1039 1352 1084 habent,
1389 1040 1457 1079 sed
1484 1040 1696 1092 dactylum,
1728 1049 1773 1080 ut
1798 1042 1984 1080 Maeonia
2010 1044 2103 1080 Ata-

260 1107 382 1150 lanta,
417 1106 641 1144 Tala't'oniae
667 1105 881 1157 Eriphyles,
916 1106 1029 1140 Ionio
1056 1106 1253 1145 immenso,
1286 1104 1511 1155 penatigero
1538 1105 1704 1146 Aeneae,
1735 1104 1899 1141 Bacchei
1923 1104 2099 1148 malaeus,

259 1176 485 1222 Naupactoo
511 1170 692 1208 Acheloo.
739 1169 815 1207 Sed
849 1171 888 1205 in
923 1168 1088 1206 elisionis
1117 1157 1272 1217 quoque
1305 1168 1406 1217 leges
1442 1169 1519 1217 (eas
1553 1181 1647 1216 quas
1675 1167 1837 1206 Ovidius
1865 1169 2015 1207 secutus
2044 1177 2103 1207 est

260 1234 432 1284 dicimus)
462 1235 627 1286 graviter
652 1241 854 1285 peccatum
879 1239 937 1270 est
962 1239 1001 1269 et
1023 1232 1062 1268 in
1087 1239 1222 1269 octava
1247 1238 1285 1269 et
1309 1232 1348 1268 in
1371 1232 1532 1282 septima
1554 1230 1711 1277 decima,
1735 1233 1776 1270 in
1798 1244 1961 1283 quarum
1984 1231 2104 1272 altera

260 1308 317 1337 est
336 1301 486 1336 Castori
503 1298 715 1348 Amyclaeo
731 1298 829 1341 VIII,
848 1296 910 1340 71,
938 1299 978 1333 in
1001 1296 1121 1335 altera
1143 1298 1255 1332 Disce
1278 1309 1361 1332 meo
1384 1294 1561 1346 exemplo
1587 1296 1704 1340 XVII,
1722 1295 1784 1334 97.
1824 1310 1915 1334 nam
1938 1296 1984 1334 de
2008 1296 2103 1335 Ovi-

262 1363 324 1403 dio
352 1363 557 1402 Mauricius
579 1362 770 1414 Hauptius
798 1363 837 1399 in
863 1360 1172 1399 observationum
1200 1360 1416 1398 criticarum
1441 1358 1568 1398 libello
1595 1373 1632 1413 p.
1647 1358 1698 1398 22
1725 1361 1932 1399 rectissime
1959 1362 2102 1409 statuit,

261 1442 351 1466 eum
383 1430 537 1477 longam
569 1428 742 1465 vocalem
772 1430 812 1462 in
844 1429 956 1463 tertia
988 1426 1127 1474 dactyli
1158 1425 1304 1474 syllaba
1334 1426 1480 1462 nullam
1506 1426 1666 1469 elisisse3
1703 1439 1779 1474 quo
1807 1426 1953 1463 factum
1978 1435 2035 1464 est
2058 1435 2105 1465 ut

261 1491 457 1531 vocalibus
493 1491 653 1529 diductis
686 1490 864 1528 maluerit
893 1489 1016 1527 dicere
1045 1490 1084 1526 in
1111 1496 1265 1526 metam.
1290 1487 1317 1532 Ι,
1338 1484 1414 1526 155
1441 1486 1606 1527 subiecto
1634 1486 1740 1526 Pelio
1768 1490 1900 1527 Ossan.
1946 1489 1993 1531 de
2018 1504 2101 1530 meo

259 1555 438 1608 exemplo
471 1557 586 1605 longo
619 1568 695 1591 usu
722 1555 795 1590 hoc
830 1553 1045 1596 didicimus,
1078 1552 1267 1590 vocabula
1294 1552 1412 1590 'iambi
1439 1553 1545 1603 pedis
1576 1566 1755 1590 mensura
1784 1555 2056 1605 comprehensa
2080 1570 2103 1594 a

260 1621 392 1658 multis
417 1622 541 1670 poetis
564 1612 624 1656 itax
642 1621 804 1656 coiircita
832 1632 922 1662 esse,
947 1627 991 1655 ut
1013 1631 1060 1655 ne
1083 1631 1247 1667 usquam
1269 1618 1409 1655 vocalis
1433 1619 1478 1657 in
1493 1617 1567 1654 fine
1587 1617 1704 1657 ‘iambi
1725 1620 1851 1668 posita
1872 1631 1960 1656 cum
1979 1621 2103 1660 vocali

263 1684 434 1722 subiecta
460 1685 761 1733 coniungeretur.
799 1690 887 1719 sunt
911 1684 951 1718 in
975 1682 1048 1718 hoc
1073 1695 1233 1719 numero
1256 1681 1464 1725 Lucretius,
1487 1681 1661 1718 Valerius
1685 1681 1992 1736 Cato,›Tibullus
2016 1695 2103 1720 cum

263 1748 461 1800 Lygdamo
489 1755 526 1786 et
549 1747 732 1798 Sulpicia,
761 1746 931 1790 Gratius,
958 1746 1095 1784 Iliados
1121 1749 1323 1797 interpres,
1350 1747 1525 1796 Priapea,
1554 1745 1780 1791 Columella,
1807 1746 2102 1791 Persius,.Mar-

262 1813 380 1856 tialis3
419 1815 482 1861 qui
515 1825 590 1860 qua
617 1814 763 1849 ratione
793 1812 896 1847 ducti
925 1824 963 1847 se
991 1819 1069 1847 tam
1099 1812 1281 1848 molestae
1307 1812 1380 1860 legi
1409 1810 1692 1857 obstrinxerint,
1729 1819 1767 1848 et
1795 1824 1910 1860 quam
1936 1814 2103 1861 angustis

263 1875 545 1915 condicionibus
567 1877 681 1913 ceteri
701 1875 774 1913 hoc
800 1875 963 1912 elisionis
985 1888 1102 1925 genus
1126 1874 1355 1918 admiserint,
1380 1874 1465 1911 loco
1488 1876 1607 1925 magis
1631 1873 1832 1912 commodo
1855 1888 2103 1926 exponemus:

263 1954 362 1979 nunc
392 1943 483 1978 satis
515 1942 586 1977 erit
613 1940 766 1982 dixisse,
806 1940 910 1989 quod
940 1942 1061 1989 quivis
1092 1939 1323 1989 experiundo
1352 1939 1565 1989 intellegere
1594 1941 1731 1989 possit,
1768 1941 1808 1976 in
1835 1940 2003 1991 elegiacis
2027 1940 2101 1978 Na-

263 2009 365 2044 sonis
390 2007 578 2056 poiimatis
611 2005 760 2041 nullum
789 2017 869 2041 esse
897 2004 1009 2041 huius
1041 2006 1119 2041 sive
1147 2004 1308 2040 elisionis
1338 2006 1415 2041 sive
1443 2006 1655 2054 synizeseos
1684 2005 1908 2055 exemplum.
1950 2018 2041 2043 nam
2063 2008 2103 2044 in

263 2083 440 2107 amorum
466 2069 509 2112 Π,
530 2068 590 2112 19,
610 2068 660 2104 20
686 2070 808 2118 Saepe
835 2069 924 2103 time
950 2066 1109 2103 insidias
1136 2070 1360 2104 sententiam
1385 2070 1578 2117 pervertit,
1605 2070 1645 2104 in
1667 2070 1832 2105 tristium
1854 2069 1897 2112 11,
1916 2066 1993 2106 295
2017 2072 2103 2107 Stat

265 2136 394 2172 Venus
427 2131 553 2172 Ultori
576 2132 705 2169 iuncta
733 2132 821 2168 viro
850 2139 939 2168 ante
961 2130 1068 2179 fores
1095 2131 1224 2169 multis
1252 2131 1469 2170 nominibus
1499 2131 1709 2171 absurdum
1736 2135 1812 2171 est(
1845 2134 1982 2184 itaque,
1997 2133 2103 2173 nullo

264 2198 379 2235 modo
408 2197 492 2234 fieri
522 2198 650 2246 potuit
678 2203 722 2231 ut
747 2196 806 2232 hic
834 2200 948 2245 poeta
977 2198 1016 2232 in
1046 2196 1156 2245 elegis
1184 2196 1364 2233 scriberet
1390 2198 1502 2233 Disce
1530 2190 1613 2234 meo
1632 2196 1833 2249 exemplo,
1871 2199 2010 2249 quippe
2038 2200 2105 2248 qui

264 2265 305 2301 in
331 2263 389 2300 his
417 2275 570 2312 quoque
598 2261 761 2298 hiaverit
790 2263 935 2311 potine,
962 2269 1006 2297 ut
1032 2263 1072 2298 in
1098 2274 1274 2298 amorum
1298 2260 1346 2305 11,
1368 2260 1427 2304 13,
1446 2260 1496 2300 21.
1525 2260 1774 2313 precibusque
1799 2263 1892 2299 meis
1910 2262 2009 2309 fave
2035 2260 2104 2300 Ili-

264 2326 386 2377 thyia,
414 2333 451 2362 et
474 2327 514 2361 in
541 2333 693 2362 metam.
714 2324 781 2368 ΙΠ,
800 2323 873 2361 501
904 2323 1077 2375 dictoque
1103 2324 1192 2361 vale
1219 2323 1310 2360 vale
1340 2325 1463 2374 inquit
1487 2332 1525 2360 et
1548 2323 1667 2361 Echo.
1703 2324 1801 2361 Illud
1828 2332 1972 2370 autem,
1999 2326 2104 2376 quod

263 2399 462 2442 postremo
501 2389 584 2424 loco
622 2388 1022 2430 commemorabimus,
1067 2388 1125 2422 hic
1162 2392 1278 2437 poeta
1316 2400 1360 2423 eo
1395 2395 1568 2437 tempore
1602 2401 1677 2437 quo
1716 2390 1901 2425 amatoria
1938 2392 2103 2428 carmina

264 2457 416 2506 scripsit
442 2467 557 2491 ausus
584 2467 793 2502 numquam
821 2462 893 2497 est,
930 2461 974 2489 ut
1000 2466 1132 2489 versus
1158 2460 1416 2502 pentametros
1440 2452 1629 2489 vocabulo
1655 2466 1733 2490 non
1759 2453 1941 2504 disyllabo
1965 2454 2101 2493 finiret.

265 2528 305 2557 at
330 2521 370 2556 in
396 2518 454 2555 his
484 2516 653 2567 epistulis
681 2517 790 2553 huius
818 2517 922 2554 modi
948 2529 1082 2553 versus
1111 2524 1240 2552 extant
1270 2524 1462 2565 quattuor,
1489 2518 1528 2553 in
1541 2516 1641 2560 XIV,
1661 2516 1710 2552 62
1744 2520 1847 2567 Quae
1876 2526 2006 2556 tamen
2034 2532 2104 2556 ex·

265 2586 380 2621 ternis
406 2580 540 2619 danda
562 2582 701 2628 forent
716 2583 887 2630 generis,
917 2584 955 2618 in
983 2581 1089 2625 XVI,
1109 2580 1185 2617 288
1214 2582 1278 2617 Lis
1304 2590 1361 2617 est
1385 2594 1469 2617 cum
1482 2581 1619 2628 forma
1645 2595 1785 2633 magna
1807 2580 2033 2634 pudicitiae,
2061 2584 2103 2620 in

264 2646 387 2692 XVII,
406 2647 455 2684 16
484 2650 562 2684 Nec
586 2643 698 2695 sedeo
722 2643 827 2682 duris
853 2654 958 2683 torva
982 2645 1208 2697 superciliiS,
1238 2647 1278 2684 in
1301 2645 1402 2689 XIX,
1423 2645 1498 2696 202
1531 2643 1644 2684 Unda
1666 2645 1780 2684 simul
1802 2649 1980 2684 miserum
2001 2648 2102 2685 vita-
